<record xmlns='http://www.loc.gov/MARC21/slim'><leader>04249cam a2200433 a 4500</leader><controlfield tag='001'>778088</controlfield><controlfield tag='005'>20210916074157.0</controlfield><controlfield tag='008'>870813m19019999enkab         000 0 eng d</controlfield><datafield ind1='1' ind2=' ' tag='019'><subfield code='a'>5430506</subfield></datafield><datafield ind1=' ' ind2=' ' tag='035'><subfield code='9'>(AuCNLDY)2286993</subfield></datafield><datafield ind1=' ' ind2=' ' tag='035'><subfield code='a'>778088</subfield></datafield><datafield ind1=' ' ind2=' ' tag='040'><subfield code='a'>WU</subfield><subfield code='b'>eng</subfield><subfield code='c'>WU</subfield><subfield code='d'>NU</subfield><subfield code='d'>ANL</subfield></datafield><datafield ind1=' ' ind2=' ' tag='043'><subfield code='a'>e-uk-en</subfield></datafield><datafield ind1='0' ind2='4' tag='245'><subfield code='a'>The Victoria history of the counties of England.</subfield></datafield><datafield ind1=' ' ind2=' ' tag='260'><subfield code='a'>London :</subfield><subfield code='b'>Oxford University Press,</subfield><subfield code='c'>1901-&lt;2021&gt;</subfield></datafield><datafield ind1=' ' ind2=' ' tag='300'><subfield code='a'>&lt;218&gt; v. :</subfield><subfield code='b'>ill., maps ;</subfield><subfield code='c'>31 cm.</subfield></datafield><datafield ind1='1' ind2=' ' tag='490'><subfield code='a'>Victoria history of the counties of England</subfield></datafield><datafield ind1=' ' ind2=' ' tag='500'><subfield code='a'>&quot;First published by Constable, then by the St. Catherine Press, and later by the Oxford University Press for the University of London, Institute of Historical Research.&quot;</subfield></datafield><datafield ind1=' ' ind2=' ' tag='500'><subfield code='a'>&quot;Many volumes reprinted by Dawson (Folkstone, Kent)&quot;</subfield></datafield><datafield ind1=' ' ind2=' ' tag='500'><subfield code='a'>A county-by-county history and topography of England. The initial volumes in each county set cover the natural history, archaeology, political, religious and educational history at a county level, including the Domesday survey. Subsequent volumes for each county give historical details of each parish, arranged alphabetically by hundred, wapentake or rape.</subfield></datafield><datafield ind1=' ' ind2=' ' tag='500'><subfield code='a'>Initial plans for a large-format genealogical volume for each county, giving the pedigrees of county families, were later dropped after only the Northamptonshire and Hertfordshire volumes had been published (1906-1907).</subfield></datafield><datafield ind1=' ' ind2=' ' tag='500'><subfield code='a'>Counties with complete coverage (as of 2021) are Bedfordshire, Berkshire, Buckinghamshire, Cambridgeshire, Hampshire, Hertfordshire, Huntingdonshire, Lancashire, Rutland, Surrey, Warwickshire, Worcestershire, Yorkshire (county set), and the West Riding of Yorkshire.</subfield></datafield><datafield ind1=' ' ind2=' ' tag='500'><subfield code='a'>As of 2021, no volumes have been published for the counties of Northumberland, Westmorland or the West Riding of Yorkshire.</subfield></datafield><datafield ind1=' ' ind2=' ' tag='500'><subfield code='a'>The VCH began work in Northumberland in the early years of the 20th century, but did not continue after the First World War partly because the county already had an excellent, locally produced, history, the 11-vol. &quot;History of Northumberland&quot; produced 1893-1940 by the Northumberland County History Committee.</subfield></datafield><datafield ind1=' ' ind2=' ' tag='500'><subfield code='a'>Series also known at the Victoria County History (VCH), and popularly as the &quot;Red books&quot;.</subfield></datafield><datafield ind1='1' ind2=' ' tag='505'><subfield code='a'>General introduction (1970), 1 v. + supplement (1990) -- Bedfordshire, 3 v. + index -- Berkshire, 4 v. + index -- Buckinghamshire, 4 v. + index -- Cambridgeshire and the Isle of Ely, 10 v. + index -- Chester/Cheshire, 5 v. -- Cornwall, 2 v. --Cumberland, 2 v. -- Derbyshire, 3 v. -- Devon, 1 v. --Dorset, 2 v. -- Durham, 4 v. -- Essex, 12 v. + 3 bibliographies -- Gloucester/Gloucestershire, 11 v. -- Hampshire and the Isle of Wight, 5 v. and index --Herefordshire, 1 v. -- Hertfordshire, 4 v. + index + genealogical v. -- Huntingdonshire, 3 v. + index (2 v.) -- Kent, 3 v. -- Lancashire, 8 v. -- Leicestershire, 5 v. -- Lincolnshire 1 v. -- London, 1 v. -- Middlesex, 13 v. -- Norfolk, 2 v. -- Northamptonshire, 7 v. + genealogical v.  -- Nottinghamshire, 2 v. -- Oxford/Oxfordshire, 19 v. --Rutland, 2 v. + index -- Shropshire, 8 v. -- Somerset, 11 v.</subfield></datafield><datafield ind1='1' ind2=' ' tag='505'><subfield code='a'>Stafford/ Staffordshire, 15 v. (of 20 as of 2021) -- Suffolk, 2 v. -- Surrey, 4 v. + index -- Sussex, 8 v. (of 9)  in 11 (as of 2021) + index -- Warwickshire, 8 v. + index -- Wiltshire, 18 v. (of 25 as of 2021) -- Worcestershire, 4 v. + index -- Yorkshire (general), 3 v. + index -- Yorkshire : East Riding, 10 v. (in 11) -- Yorkshire : North Riding, 2 v. + index -- Yorkshire : The City of York, 1 v.</subfield></datafield><datafield ind1=' ' ind2=' ' tag='508'><subfield code='a'>Edited by C.R.J. Currie, &lt;1995&gt;-</subfield></datafield><datafield ind1=' ' ind2=' ' tag='508'><subfield code='a'>Edited by A. J. Fletcher, &lt;2002&gt;-</subfield></datafield><datafield ind1=' ' ind2='0' tag='650'><subfield code='a'>Natural history</subfield><subfield code='z'>England.</subfield></datafield><datafield ind1=' ' ind2='0' tag='651'><subfield code='a'>England</subfield><subfield code='x'>Antiquities.</subfield></datafield><datafield ind1=' ' ind2='0' tag='651'><subfield code='a'>England</subfield><subfield code='x'>History.</subfield></datafield><datafield ind1=' ' ind2='0' tag='651'><subfield code='a'>Great Britain</subfield><subfield code='x'>History.</subfield></datafield><datafield ind1='1' ind2=' ' tag='700'><subfield code='a'>Currie, C. R. J.</subfield><subfield code='q'>(Christopher Richard John),</subfield><subfield code='d'>1948-</subfield></datafield><datafield ind1='1' ind2=' ' tag='700'><subfield code='a'>Fletcher, A. J.</subfield></datafield><datafield ind1='2' ind2=' ' tag='710'><subfield code='a'>University of London.</subfield><subfield code='b'>Institute of Historical Research.</subfield></datafield><datafield ind1=' ' ind2='0' tag='830'><subfield code='a'>Victoria history of the counties of England.</subfield></datafield><datafield ind1='4' ind2='2' tag='856'><subfield code='z'>Victoria County History website</subfield><subfield code='u'>https://www.history.ac.uk/research/victoria-county-history</subfield><subfield code='2'></subfield></datafield><datafield ind1='4' ind2='2' tag='856'><subfield code='z'>Contents listing for each volume, with links to online versions.</subfield><subfield code='u'>http://www.medievalgenealogy.org.uk/vch/counties.shtml</subfield></datafield></record>